    @webpage{gnomeADG,
      author =       "Vincent Alexander and Calum Benson and Brian Cameron and Bill Haneman and Padraig O'Briain and Sharon Snider",
      title =        "GNOME Accessibility Developers Guide",
      howpublished = "online",
      publisher =    "GNOME Documentation Project",
      year =         "2008",
      url =          "https://developer.gnome.org/accessibility-devel-guide/stable/index.html.en",
      cited =        "2019-6-11"
    }

    @webpage{accessibleWidgets,
      author =       "Joanmarie Diggs",
      title =        "GTK+ and ATK - A Foundation for GNOME Accessibility",
      howpublished = "online",
      publisher =    "GNOME Documentation Project",
      year =         "2011",
      url =          "https://wiki.gnome.org/Accessibility/Documentation/GNOME2/AtkGuide/Gtk",
      cited =        "2019-6-11"
    }
    
    @webpage{pyatspi,
      author =       "Peter Parente",
      title =        "Package pyatspi",
      howpublished = "online",
      publisher =    "IBM Corporation",
      year =         "2007",
      url =          "https://people.gnome.org/~parente/pyatspi/doc/",
      cited =        "2019-12-8"
    }
    
    @webpage{accerciser,
      author =       "Eitan Isaacson and Peter Parente and Aline Bessa",
      title =        "Accerciser",
      howpublished = "online",
      publisher =    "GNOME Documentation Project",
      year =         "2014",
      url =          "https://help.gnome.org/users/accerciser/stable/index.html.en",
      cited =        "2019-12-17"
    }
    
    @webpage{pyatspi2,
      author =       "Steven Lee",
      title =        "Python Powered Accessibility",
      howpublished = "online",
      publisher =    "Python magazine",
      year =         "December 08",
      url =          "https://wiki.gnome.org/Accessibility/PythonPoweredAccessibility",
      cited =        "2019-12-8"
    }
    
    @webpage{dogtail_doc,
      author =       "Zack Cerza and Ed Rousseau and David Malcolm and Vita Humpa",
      title =        "Package dogtail",
      howpublished = "online",
      publisher =    "Red Hat, Inc.",
      year =         "2014",
      url =          "https://fedorapeople.org/~vhumpa/dogtail/epydoc/",
      cited =        "2019-12-20"
    }
    
    @webpage{opencv,
      author =       "OpenCV team",
      title =        "About Open Source Computer Vision Library",
      howpublished = "online",
      publisher =    "OpenCV",
      year =         "2019",
      url =          "https://opencv.org/about/",
      cited =        "2019-12-26"
    }
    
    @webpage{tesseract_history,
      author =       "Luc Vincent",
      title =        "Announcing Tesseract OCR",
      howpublished = "online",
      publisher =    "Google Developers Blog",
      year =         "2006",
      url =          "http://googlecode.blogspot.com/2006/08/announcing-tesseract-ocr.html",
      cited =        "2019-12-26"
    }
    
    @webpage{tesseract,
      author =       "Vaibhaw Singh Chandel",
      title =        "Deep Learning based Text Recognition (OCR) using Tesseract and OpenCV",
      howpublished = "online",
      publisher =    "Big Vision LLC",
      year =         "2018",
      url =          "https://www.learnopencv.com/deep-learning-based-text-recognition-ocr-using-tesseract-and-opencv/",
      cited =        "2019-12-26"
    }
    
    @webpage{xnee,
      author =       "Free Software Foundation, Inc",
      title =        "Introduction to GNU Xnee",
      howpublished = "online",
      year =         "2012",
      url =          "https://xnee.wordpress.com/",
      cited =        "2020-01-16"
    }
    
     @webpage{xpresser,
      author =       "Chris Gagnon",
      title =        "Xpresser",
      howpublished = "online",
      year =         "2012-12-22",
      url =          "https://wiki.ubuntu.com/Xpresser",
      cited =        "2020-01-16"
    }
    
    @webpage{gcov,
      author =       "Steve Best",
      title =        "Analyzing Code Coverage with gcov",
      howpublished = "online",
      year =         "2019-03-09",
      url =          "https://www.linuxtoday.com/blog/analyzing-code-coverage-with-gcov.html",
      cited =        "2020-01-16"
    }
    @webpage{bdd,
      author =       "Andrew Knight ",
      title =        "What is behavior-driven Python?",
      howpublished = "online",
      year =         "2018-05-28",
      url =          "https://opensource.com/article/18/5/behavior-driven-python",
      cited =        "2020-01-16"
    }
    
    @webpage{pythonframeworks,
      author =       "Arnab Roy Chowdhury",
      title =        "Top 5 Python Frameworks For Test Automation In 2019",
      howpublished = "online",
      year =         "2019-03-12",
      url =          "https://www.lambdatest.com/blog/top-5-python-frameworks-for-test-automation-in-2019",
      cited =        "2020-01-16"
    }
    
    @article{guitesting,
    issn = {1382-3256},
    journal = {Empirical Software Engineering},
    pages = {694--744},
    volume = {20},
    publisher = {Springer US},
    number = {3},
    year = {2015},
    title = {Visual GUI testing in practice: challenges, problemsand limitations},
    language = {eng},
    address = {New York},
    author = {Alégroth, Emil, Feldt, Robert, Ryrholm, Lisa},
    keywords = {Visual GUI Testing ; Industrial case study ; Challenges ; Problems and Limitations ; System and acceptance test automation ; Development cost},
    }
    
    @ARTICLE{guidefinition,
    author={X. {Yuan} and M. B. {Cohen} and A. M. {Memon}},
    journal={IEEE Transactions on Software Engineering},
    title={GUI Interaction Testing: Incorporating Event Context},
    year={2011},
    volume={37},
    number={4},
    pages={559-574},
    ISSN={2326-3881},
    month={July},}
    
    @article{patternbasedtesting,
    issn = {0960-0833},
    journal = {Software Testing, Verification and Reliability},
    pages = {n/a--n/a},
    volume = {27},
    number = {3},
    year = {2017},
    title = {Pattern‐based GUI testing: Bridging the gap between design and quality assurance},
    author = {Moreira, Rodrigo M. L. M., Paiva, Ana Cristina, Nabuco, Miguel, Memon, Atif},
    keywords = {Gui Testing ;  Model‐Based Gui Testing ;  Pattern‐Based Gui Testing ;  Ui Test Patterns},
    }
    
    @article{nyman,
    journal = {Software Testing and Quality Engineering Magazine},
    title = {In Defense of Monkey Testing},
    pages = {18--21},
    year = {2000-01},
    author = {Noel Nyman},
    }
    
    @article{NguyenBao2014Gait,
    issn = {0928-8910},
    journal = {Automated Software Engineering},
    pages = {65--105},
    volume = {21},
    publisher = {Springer US},
    number = {1},
    year = {2014},
    title = {GUITAR: an innovative tool for automated testing of GUI-driven software},
    language = {eng},
    address = {Boston},
    author = {Nguyen, Bao, Robbins, Bryan, Banerjee, Ishan and Memon, Atif},
    keywords = {GUI testing ; Test automation ; Test generation},
    }
    
    @book{embedded,
    issn = {97814398},
    publisher = {CRC Press},
    isbn = {9781439818473},
    year = {2011},
    title = {Model-Based Testing for Embedded Systems},
    author = {Zander, Justyna and Schieferdecker, Ina and Mosterman, Pieter J.},
    language = {eng},
    keywords = {Computer Engineering ; Circuits & Devices ; Systems & Controls ; Engineering},
    }
    
    @inproceedings{TEMA,
    pages = {112--122},
    publisher = {IEEE},
    booktitle = {2009 31st International Conference on Software Engineering - Companion Volume},
    isbn = {9781424434954},
    year = {2009},
    title = {Automatic GUI test generation for smartphone applications - an evaluation},
    language = {eng},
    author = {Jaaskelainen, A and Katara, M and Kervinen, A and Maunumaa, M and Paakkonen, T and Takala, T and Virtanen, H},
    keywords = {Graphical User Interfaces ; Automatic Testing ; Software Testing ; System Testing ; Application Software ; Software Systems ; Libraries ; Cameras ; Optical Character Recognition Software ; Context Modeling},
    }


    
    
    
    % @BOOK{Pravidla,
    %   author =       "Zdeněk Hlavsa and others",
    %   title =        "Pravidla českého pravopisu",
    %   publisher =    "Academia",
    %   edition =      "2",
    %   year =         "2009",
    %   isbn =         "80-200-1327-X",
    % }
    
    @BOOK{Knuth,
      author =       "Donald E. Knuth",
      title =        "The {\TeX}book",
      publisher =    "Addison-Wesley Publishing Company",
      year =         "1996",
      isbn =         "0-201-13447-0",
    }
    
    @BOOK{Rybicka,
      author =       "Jiří Rybička",
      title =        "\LaTeX~pro začátečníky",
      publisher =    "Konvoj",
      edition =      "3",
      year =         "2003",
      isbn =         "80-7302-049-1",
    }

    @BOOK{Olsak,
      author =       "Petr Olšák",
      title =        "{\TeX}book naruby",
      publisher =    "Konvoj",
      year =         "2001",
      isbn =         "80-7302-0007-6",
    }

    @BOOK{Eikh,
      author =       "Victor Eikhout",
      title =        "{\TeX}by Topics, a {\TeX}nitian's Reference",
      publisher =    "Addison-Wesley UK",
      year =         "2001",
      isbn =         "0-201-56882-9",
    }

    @website{cstugWeb,
      author =       "Petr Sojka and others",
      title =        "Československé sdružení uživatelů {\TeX}u",
      howpublished = "online",
      url =          "http://www.cstug.cz",
      cited =        "2019-10-02"
    }

    @webpage{fitWeb,
      author =       "Zdena Rábová and Petr Hanáček and Petr Peringer and Petr Přikryl and Bohuslav Křena",
      title =        "Užitečné rady pro psaní práce",
      howpublished = "online",
      publisher =    "FIT VUT v~Brně",
      year =         "2008",
      month =        11,
      url =          "https://www.fit.vut.cz/study/theses/theses-advice/",
      cited =        "2019-10-02"
    }

    @webpage{citace,
      author =       "Zdena Rábová and Petr Hanáček and Petr Peringer and Petr Přikryl and Bohuslav Křena",
      title =        "Pravidla pro bibliografické citace",
      howpublished = "online",
      publisher =    "FIT VUT v Brně",
      year =         "2019",
      month =        3,
      url =          "https://www.fit.vut.cz/study/theses/citations/",
      cited =        "2019-10-02"
    }
   
    @MISC{biblio,
      author =       "Olga Biernátová and Jan Skůpa",
      title =        "Bibliografické odkazy a citace dokumentů",
      howpublished = "online",
      url =          "http://www.citace.com/download/CSN-ISO-690.pdf",
      publisher =    "Citace.com",
      month =        9,
      address =      "Brno",
      year =         "2011",
      cited =        "2019-10-02"
    }
   
    @webpage{formalniBP,
      author =       "Zdena Rábová and Petr Přikryl and Petr Peringer and Petr Lampa and Bohuslav Křena and jaroslav Dytrych and Petr Veigend",
      title =        "Pokyny k~bakalářským pracím a SZZ",
      howpublished = "online",
      year =         "2019",
      url =          "https://www.fit.vut.cz/study/theses/bachelor-theses/",
      cited =        "2019-10-02"
    }
   
    @webpage{formalniDP,
      author =       "Zdena Rábová and Petr Přikryl and Petr Peringer and Petr Lampa and Bohuslav Křena and jaroslav Dytrych and Petr Veigend",
      title =        "Pokyny k~diplomovým pracím a SZZ",
      howpublished = "online",
      year =         "2019",
      url =          "https://www.fit.vut.cz/study/theses/master-theses/",
      cited =        "2019-10-02"
    }
   
    @MISC{smernice,
      key =          "Szz",
      author =       "Petr Štěpánek",
      title =        "Směrnice rektora č. 72/2017 -- Úprava, odevzdávání a zveřejňování závěrečných prací",
      howpublished = "online",
      year =         "2017",
      url =          "https://www.vutbr.cz/uredni-deska/vnitrni-predpisy-a-dokumenty/smernice-c-72-2017-uprava-odevzdavani-a-zverejnovani-zaverecnych-praci-d161410",
      cited =        "2019-10-02"
    }
   
   @MISC{smerniceFIT,
      author =       "Pavel Zemčík",
      title =        "Směrnice děkana č. 7/2018 -- Úprava, odevzdávání a zveřejňování závěrečných prací na FIT VUT v Brně",
      howpublished = "online",
      year =         "2018",
      url =          "https://www.fit.vut.cz/fit/info/smernice/sm2018-07.pdf",
      cited =        "2019-10-02"
    }
   
    @website{prirucka,
      key =          "Cerna",
      author =       "Anna Černá and Jan Chromý and Hana Konečná and others",
      title =        "Internetová jazyková příručka -- Ústav pro jazyk český Akademie věd ČR, v. v. i.",
      howpublished = "online",
      publisher =    "Centrum zpracování přirozeného jazyka FI MU",
      year =         "2019",
      url =          "http://prirucka.ujc.cas.cz/",
      cited =        "2019-10-02"
    }
   
    @website{Herout,
      author =       "Adam Herout",
      title =        {herout.net -- Poznámky učitele, kouče, čtenáře.},
      howpublished = "online",
      year =         "2018",
      url =          "http://www.herout.net/",
      cited =        "2019-10-02"
    }
   
    @webpage{chyby,
      key =          "Szoke",
      author =       "Igor Szöke",
      title =        "Textová část BP/DP -- Lessons learned",
      howpublished = "online",
      year =         "2012",
      url =          "http://blog.igor.szoke.cz/2012/01/textova-cast-bpdp-lessons-learned-1.html",
      cited =        "2019-10-02"
    }
   
    @webpage{rady,
      key =          "Szoke",
      author =       "Igor Szöke",
      title =        "Píšete diplomku? 15+1 rad, které vám pomohou.",
      howpublished = "online",
      year =         "2011",
      url =          "http://blog.igor.szoke.cz/2011/12/pisete-diplomku-151-rad-ktere-vam.html",
      cited =        "2019-10-02"
    }
   
    @webpage{Beran,
      author =       "Vítězslav Beran",
      title =        "Beran-BP DP Projekty",
      howpublished = "online",
      year =         "2017",
      url =          "http://merlin.fit.vutbr.cz/wiki/index.php/Beran-BP_DP_Projekty",
      cited =        "2019-10-02"
    }

    @MISC{BeranPDF,
      author =       "Vítězslav Beran",
      title =        "Jak psát technickou zprávu",
      howpublished = "online",
      year =         "2013",
      url =          "http://www.fit.vutbr.cz/~beranv/podpora/Jak\%20psat\%20technickou\%20zpravu.pdf",
      cited =        "2019-10-00"
    }
   
    @webpage{Cernocky,
      key =          "Cernocky",
      author =       "Jan Černocký",
      title =        "Černocký BP DP -- obecně",
      howpublished = "online",
      year =         "2016",
      url =          "https://merlin.fit.vutbr.cz/wiki/index.php/Cernocky_BP_DP-obecne",
      publisher = "Wiki FIT VUT v Brně",
      cited =        "2019-10-02"
    }
   
    @webpage{CernockyEnglish,
      key =          "Cernocky",
      author =       "Jan Černocký",
      title =        "English SOS",
      howpublished = "online",
      year =         "2016",
      url =          "https://merlin.fit.vutbr.cz/wiki/index.php/English_SOS",
      cited =        "2019-10-02"
    }
   
    @MISC{Zemcik,
      author =       "Pavel Zemčík",
      title =        "Všeobecné pokyny pro studenty a vůbec",
      howpublished = "online",
      year =         "2012",
      url =          "http://www.fit.vutbr.cz/~zemcik/Pokyny.pdf",
      cited =        "2019-10-02"
    }
   
    @BOOK{Lebrun2011,
      author =       "Jean-Luc Lebrun",
      title =        "Scientific Writing 2.0: a reader and writer's guide",
      publisher =    "World Scientific Publishing",
      year =         "2011",
      edition =      "1",
      isbn =         "9814350605",
      owner =        "herout",
      timestamp =    "2015.01.20"
    }
  
    @MASTERSTHESIS{Pysny,
      author = {Radek Py{\v{s}}n{\'{y}}},
      type = {Bakal{\'{a}}{\v{r}}sk{\'{a}} pr{\'{a}}ce},
      title = {BiBTeX styl pro {\v{C}}SN ISO 690 a {\v{C}}SN ISO	690-2},
      school = {Vysok{\'{e}} u{\v{c}}en{\'{i}} technick{\'{e}} v Brn{\v{e}}, Fakulta informa{\v{c}}n{\'{i}}ch technologi{\'{i}}},
      year = {2009},
      location = {Brno, CZ},
      language = {czech},
      url = {https://www.fit.vut.cz/study/thesis/7848/}
    }
